<?xml version="1.0" encoding="UTF-8"?><collection xmlns="http://www.loc.gov/MARC21/slim"><record><leader>00549nam--2200181-u-4500</leader><controlfield tag="001">000051175</controlfield><controlfield tag="002">20161230</controlfield><controlfield tag="005">20161230201049</controlfield><controlfield tag="008">080528s1000------------r-----000-0-eng-d</controlfield><datafield ind1=" " ind2=" " tag="040"><subfield code="a">IFIN-HH</subfield></datafield><datafield ind1=" " ind2=" " tag="080"><subfield code="a">514.8</subfield></datafield><datafield ind1="1" ind2=" " tag="100"><subfield code="a">Marsden</subfield></datafield><datafield ind1="1" ind2="0" tag="245"><subfield code="a">Lectures on geometric methods in mathematical physics</subfield><subfield code="c">J.e. marsden</subfield></datafield><datafield ind1=" " ind2=" " tag="260"><subfield code="a">Philadelphia</subfield><subfield code="b">Society For Industrial And Applied Mathematics</subfield><subfield code="c">1981</subfield></datafield><datafield ind1=" " ind2=" " tag="300"><subfield code="a">V+97 p</subfield></datafield><datafield ind1=" " ind2=" " tag="490"><subfield code="a">Regional Conference Series In Applied Mathematics</subfield><subfield code="v">Vol. 37</subfield></datafield><datafield ind1=" " ind2=" " tag="852"><subfield code="a">49234</subfield><subfield code="c">513</subfield></datafield><datafield ind1=" " ind2=" " tag="CAT"><subfield code="a">Sys</subfield><subfield code="c">20130806</subfield><subfield code="h">131645</subfield></datafield></record></collection>